@ARTICLE{kris2016termination,
    author = {Krishnendu Chatterjee and Hongfei Fu and Amir Kafshdar Goharshady},
    title = {Termination Analysis of Probabilistic Programs through Positivstellensatz's },
    journal = {Computer Aided Verification},
    volume = {9779},
    pages = {489-501},
    month = {July},
    year = {2016},
    doi = {10.1007/978-3-319-41528-4_1 },
    url= {http://arxiv.org/abs/1604.07169},
}

@ARTICLE{cha2015algorithmic,
    author = {Chatterjee K and Fu H and Novotny P},
    title = {Algorithmic Analysis of Qualitative and Quantitative Termination Problems for Affine Probabilistic Programs},
    journal = {ACM Sigplan Notices},
    volume = {51},
    number = {1},
    pages = {327-342},
    month = {June},
    year = {2015},
}

@INPROCEEDINGS{Sankaranarayanan2013Static,
	AUTHOR = "Sankaranarayanan, Sriram and Chakarov, Aleksandar and Gulwani, Sumit",
	TITLE = "Static Analysis for Probabilistic Programs: Inferring Whole Program Properties from Finitely Many Paths",
	BOOKTITLE = "PLDI",
	PAGES = "447-458",
	YEAR = {2013}
}

@ARTICLE{Hoeffding1963,
    author = {W. Hoeffding},
    title = {Probability inequalities for sums of bounded random variables},
    journal = {Journal of the American Statistical Association},
    volume = {58},
    number = {31},
    pages = {13-30},
    year = {1963},
}

@INPROCEEDINGS{Geldenhuys2012symbolic,
	AUTHOR = "J. Geldenhuys and M. B. Dwyer and W. Visser",
	TITLE = "Probabilistic symbolic execution",
	BOOKTITLE = "ISSTA",
	PAGES = "166-167",
	ORGANIZATION = "ACM",
	MONTH = "July", 
	YEAR = {2012}
}

@INPROCEEDINGS{Chakarov2013Martingales,
	AUTHOR = "Chakarov, Aleksandar and Sankaranarayanan, Sriram",
	TITLE = "Probabilistic Program Analysis with Martingales",
	BOOKTITLE = "Sharygina, N., Veith, H. (eds.) CAV 2013. LNCS, vol. 8044",
	PAGES = "511-526",
	ORGANIZATION = "Springer, Berlin, Heidelberg",
	YEAR = {2013}
}

@ARTICLE{Dwork2014Differential,
  title={The Algorithmic Foundations of Differential Privacy},
  author={Dwork, Cynthia and Roth, Aaron},
  journal={Foundations and Trends in Databases},
volume = {9},
    pages = {211-407},
    month = {January },
  year={2014},
doi = {10.1561/0400000042},
}

@INPROCEEDINGS{Hurd2002A,
  title={A Formal Approach to Probabilistic Termination},
  author={Hurd, Joe},
  booktitle={Theorem Proving in Higher Order Logics, International Conference, Tphols, Hampton, Va, Usa, August},
  year={2002},
}

@ARTICLE{Kozen1981Semantics,
  title={Semantics of probabilistic programs},
  author={Kozen, Dexter},
  journal={Journal of Computer and System Sciences},
  volume={22},
  number={3},
  pages={328-350},
  year={1981},
}

@ARTICLE{Minka2012Compiler,
  title={Compiler for probabilistic programs},
  author={Minka, Thomas and Winn, John},
month = {January },
  year={2012},
doi = {US8103598 B2 },
}

@ARTICLE{Arora1998Proof,
  title={Proof verification and the hardness of approximation problems},
  author={Arora, Sanjeev and Lund, Carsten and Motwani, Rajeev and Sudan, Madhu and Szegedy, Mario},
  journal={Journal of the Acm},
  volume={45},
  number={3},
  pages={501-555},
  year={1998},
}

@ARTICLE{Bingsheng2020,
  title={ Optimally linearizing the alternating direction method of multipliers for convex programming},
  author={Bingsheng He and
               Feng Ma and
               Xiaoming Yuan},
  journal={Computational Optimization and Applications},
  volume={75},
  pages={361-388},
month = {March},
  year={2020},
}

@INPROCEEDINGS{Hermanns2013Probabilistic,
	AUTHOR = "Hermanns and Holger and Fioriti and Luis and Maria and Ferrer",
	TITLE = "Probabilistic termination: soundness, completeness,
and compositionality",
	BOOKTITLE = "POPL",
	PAGES = "489-501",
	ORGANIZATION = "ACM",
	YEAR = {2015}
}

@ARTICLE{Codish1999Semantic,
  title={Semantic basis for the termination analysis of logic programs},
  author={Codish, Michael and Taboch, Cohavit},
  journal={Journal of Logic Programming},
  volume={41},
  number={1},
  pages={103-123},
  year={1999},
}

@INPROCEEDINGS{Visser2012Green,
	AUTHOR = "W. Visser, J. Geldenhuys, and M. B. Dwyer",
	TITLE = "Green: reducing, reusing
and recycling constraints in program analysis",
	BOOKTITLE = "SIGSOFT FSE",
	PAGES = "1-11",
	ORGANIZATION = "ACM",
	YEAR = {2012}
}